<?xml version="1.0" encoding="UTF-8"?><collection xmlns="http://www.loc.gov/MARC21/slim"><record><leader>00424nam--2200169-i-4500</leader><controlfield tag="001">000020001</controlfield><controlfield tag="002">20161230</controlfield><controlfield tag="005">20170225184005</controlfield><controlfield tag="008">060222s1000------------r-----000-0-eng-d</controlfield><datafield ind1=" " ind2=" " tag="080"><subfield code="a">128:17</subfield></datafield><datafield ind1=" " ind2=" " tag="100"><subfield code="a">Popper, Karl R</subfield></datafield><datafield ind1=" " ind2=" " tag="245"><subfield code="a">The self and its brain. With 66 figures</subfield></datafield><datafield ind1=" " ind2=" " tag="260"><subfield code="a">Berlin</subfield><subfield code="b">Springer-verlag</subfield><subfield code="c">1981</subfield></datafield><datafield ind1=" " ind2=" " tag="300"><subfield code="a">XVI + 597 p</subfield></datafield><datafield ind1=" " ind2=" " tag="700"><subfield code="a">Eccles, John C</subfield></datafield><datafield ind1=" " ind2=" " tag="852"><subfield code="a">79214</subfield></datafield><datafield ind1=" " ind2=" " tag="CAT"><subfield code="a">SYS</subfield><subfield code="c">20170225</subfield><subfield code="h">184005</subfield></datafield></record></collection>